@Book{xie2015,
  title = {Dynamic Documents with {R} and knitr},
  author = {Yihui Xie},
  publisher = {Chapman and Hall/CRC},
  address = {Boca Raton, Florida},
  year = {2015},
  edition = {2nd},
  note = {ISBN 978-1498716963},
  url = {http://yihui.name/knitr/},
}

@book{barbetta2004estatistica,
  title={Estat{\'\i}stica: para cursos de engenharia e inform{\'a}tica},
  author={Barbetta, Pedro Alberto and Reis, Marcelo Menezes and Bornia, Antonio Cezar},
  volume={3},
  year={2004},
  publisher={Atlas S{\~a}o Paulo}
}
